@book{toth2002vehicle,
  title={The vehicle routing problem},
  author={Toth, Paolo and Vigo, Daniele},
  year={2002},
  publisher={SIAM}
}

@book{wolsey2014integer,
  title={Integer and combinatorial optimization},
  author={Wolsey, Laurence A and Nemhauser, George L},
  year={2014},
  publisher={John Wiley \& Sons}
}

@book{cormen2009introduction,
  title={Introduction to algorithms},
  author={Cormen, Thomas H and Leiserson, Charles E and Rivest, Ronald L and Stein, Clifford},
  year={2009},
  publisher={MIT press}
}
