@techreport{klee1970good,
  title={How good is the simplex algorithm},
  author={Klee, Victor and Minty, George J},
  year={1970},
  institution={WASHINGTON UNIV SEATTLE DEPT OF MATHEMATICS}
}