@article{parragh2008survey,
  title={A survey on pickup and delivery problems},
  author={Parragh, Sophie N and Doerner, Karl F and Hartl, Richard F},
  journal={Journal f{\"u}r Betriebswirtschaft},
  volume={58},
  number={1},
  pages={21--51},
  year={2008},
  publisher={Springer}
}
@article{boussaid2013survey,
  title={A survey on optimization metaheuristics},
  author={Boussaid, Ilhem and Lepagnot, Julien and Siarry, Patrick},
  journal={Information sciences},
  volume={237},
  pages={82--117},
  year={2013},
  publisher={Elsevier}
}