@article{parragh2008survey,
  title={A survey on pickup and delivery problems},
  author={Parragh, Sophie N and Doerner, Karl F and Hartl, Richard F},
  journal={Journal f{\"u}r Betriebswirtschaft},
  volume={58},
  number={1},
  pages={21--51},
  year={2008},
  publisher={Springer}
}

@article{ho2018survey,
  title={A survey of dial-a-ride problems: Literature review and recent developments},
  author={Ho, Sin C and Szeto, WY and Kuo, Yong-Hong and Leung, Janny MY and Petering, Matthew and Tou, Terence WH},
  journal={Transportation Research Part B: Methodological},
  volume={111},
  pages={395--421},
  year={2018},
  publisher={Elsevier}
}

@article{boussaid2013survey,
  title={A survey on optimization metaheuristics},
  author={Boussaid, Ilhem and Lepagnot, Julien and Siarry, Patrick},
  journal={Information sciences},
  volume={237},
  pages={82--117},
  year={2013},
  publisher={Elsevier}
}

