@book{van1995python,
  title={Python reference manual},
  author={Van Rossum, Guido and Drake Jr, Fred L},
  year={1995},
  publisher={Centrum voor Wiskunde en Informatica Amsterdam}
}